Automatically generated by Mendeley Desktop 1.19.8
Any changes to this file will be lost if it is regenerated by Mendeley.

BibTeX export options can be customized via Preferences -> BibTeX in Mendeley Desktop

@article{Byass2012,
author = {Byass, Peter},
journal = {PLoS medicine},
number = {8},
title = {{Child Mortality Estimation: Estimating Sex Differences in Childhood Mortality since the 1970s}},
volume = {9},
year = {2012}
}
@misc{UNICEF2020,
author = {UNICEF},
title = {{Under-five mortality}},
url = {https://data.unicef.org/topic/child-survival/under-five-mortality/#status},
urldate = {2021-03-13},
year = {2020}
}
@misc{INED,
author = {INED, The French Institute for Demographic Studies},
title = {{Births, deaths and infant mortality}},
url = {https://www.ined.fr/en/everything_about_population/data/europe-developed-countries/birth-death-infant-mortality/},
urldate = {2021-03-18},
year = {2021}
}
